@online{javascript,
    publisher={altexsoft},
    url={https://www.altexsoft.com/blog/engineering/the-good-and-the-bad-of-javascript-full-stack-development/},
    date={2018-01-18},
    title={The Good and the Bad of JavaScript Full Stack Development}
}

@online{php,
    publisher={Mindfire Solutions},
    url={https://medium.com/@mindfiresolutions.usa/advantages-and-disadvantages-of-php-frameworks-c046d50754e5},
    date={2018-05-18},
    title={Advantages and Disadvantages of PHP Frameworks}
}

@online{gcp,
    publisher={Google},
    url={https://cloud.google.com/appengine/docs/standard/python3/configuration-files},
    date={2018-10-28},
    title={Structuring Web Services in App Engine},
}