@misc{MongoDB,
  title = {What is MongoDB},
  author = {MongoDB},
  howpublished = {\url{https://www.mongodb.com/what-is-mongodb}},
  note = {Accessed: 2018-11-9},
  year = {2018}
}

@misc{CouchDB,
  title = {Data Where You Need It},
  author = {Apache Software Foundation},
  howpublished = {\url{http://couchdb.apache.org/}},
  note = {Accessed: 2018-11-9},
  year = {2017}
}

@misc{mySQL,
  title = {mySQL},
  author = {Oracle},
  howpublished = {\url{https://www.oracle.com/technetwork/database/mysql/index.html}},
  note = {Accessed: 2018-11-9},
  year = {2018}
}


@misc{IAAI,
  title = {FAQ},
  author = {IAAI},
  howpublished = {\url{https://www.iaai.com/Support/SupportFaq.aspx}},
  note = {Accessed: 2018-11-9},
  year = {2018}
}

@misc{copart,
  title = {copart},
  author = {Copart Inc.},
  howpublished = {\url{https://www.copart.com/}},
  note = {Accessed: 2018-11-9},
  year = {2018}
}

@misc{aam,
  title = {Auto Auction Mall},
  author = {Auto Auction Mall},
  howpublished = {\url{https://www.autoauctionmall.com/}},
  note = {Accessed: 2018-11-9},
  year = {2018}
}